<record><leader>00000cas a2200000 a 4500</leader><controlfield tag="001">9467512</controlfield><controlfield tag="008">830430d18601861aludr ne      0   a0eng c</controlfield><datafield ind1=" " ind2=" " tag="010"><subfield code="a">sn 83025435 </subfield></datafield><datafield ind1=" " ind2=" " tag="040"><subfield code="a">NPV</subfield><subfield code="b">eng</subfield><subfield code="c">NPV</subfield><subfield code="d">CPN</subfield><subfield code="d">NVK</subfield><subfield code="d">OCL</subfield><subfield code="d">CUI</subfield><subfield code="d">OCLCQ</subfield><subfield code="d">OCLCF</subfield></datafield><datafield ind1=" " ind2=" " tag="042"><subfield code="a">pcc</subfield></datafield><datafield ind1=" " ind2=" " tag="043"><subfield code="a">n-us-al</subfield></datafield><datafield ind1=" " ind2="4" tag="050"><subfield code="a">AN</subfield></datafield><datafield ind1="0" ind2="0" tag="245"><subfield code="a">Montgomery daily post.</subfield></datafield><datafield ind1=" " ind2=" " tag="260"><subfield code="a">Montgomery, Ala. :</subfield><subfield code="b">W.P. Smith,</subfield><subfield code="c">1860-1861.</subfield></datafield><datafield ind1=" " ind2=" " tag="300"><subfield code="a">v.</subfield></datafield><datafield ind1=" " ind2=" " tag="310"><subfield code="a">Daily</subfield></datafield><datafield ind1="0" ind2=" " tag="362"><subfield code="a">Vol. 1, no. 1 (Apr. 3, 1860)-v. 2, no. 159 (Oct. 4, 1861).</subfield></datafield><datafield ind1=" " ind2=" " tag="500"><subfield code="a">"An independent South."</subfield></datafield><datafield ind1=" " ind2="0" tag="651"><subfield code="a">Montgomery (Ala.)</subfield><subfield code="v">Newspapers.</subfield></datafield><datafield ind1=" " ind2="0" tag="651"><subfield code="a">Montgomery County (Ala.)</subfield><subfield code="v">Newspapers.</subfield></datafield><datafield ind1=" " ind2="7" tag="655"><subfield code="a">Newspapers.</subfield><subfield code="2">fast</subfield><subfield code="0">(OCoLC)fst01423814</subfield></datafield><datafield ind1=" " ind2="7" tag="651"><subfield code="a">Alabama</subfield><subfield code="z">Montgomery.</subfield><subfield code="2">fast</subfield><subfield code="0">(OCoLC)fst01202689</subfield></datafield><datafield ind1=" " ind2="7" tag="651"><subfield code="a">Alabama</subfield><subfield code="z">Montgomery County.</subfield><subfield code="2">fast</subfield><subfield code="0">(OCoLC)fst01214111</subfield></datafield><datafield ind1=" " ind2=" " tag="752"><subfield code="a">United States</subfield><subfield code="b">Alabama</subfield><subfield code="c">Montgomery</subfield><subfield code="d">Montgomery.</subfield></datafield><datafield ind1="0" ind2=" " tag="775"><subfield code="t">Montgomery weekly post</subfield><subfield code="w">(DLC)sn 87062019</subfield><subfield code="w">(OCoLC)2627017</subfield></datafield><datafield ind1="0" ind2="8" tag="776"><subfield code="i">Online version:</subfield><subfield code="t">Montgomery daily post (Online)</subfield><subfield code="w">(OCoLC)192107418</subfield></datafield></record>